<?xml version="1.0" encoding="UTF-8"?>
<collection xmlns:xsi="http://www.w3.org/2001/XMLSchema-instance" xsi:schemaLocation="http://www.loc.gov/MARC21/slim http://www.loc.gov/standards/marcxml/schema/MARC21slim.xsd" xmlns="http://www.loc.gov/MARC21/slim">
<record>
  <leader>00886cam a22002291  4500</leader>
  <controlfield tag="001">3082689</controlfield>
  <controlfield tag="003">NNC</controlfield>
  <controlfield tag="005">20150817132418.0</controlfield>
  <controlfield tag="008">010911s1938    ua            000 0 ara d</controlfield>
  <datafield tag="035" ind1=" " ind2=" ">
    <subfield code="a">(OCoLC)ocm47942184</subfield>
  </datafield>
  <datafield tag="035" ind1=" " ind2=" ">
    <subfield code="9">ATQ9221CU</subfield>
  </datafield>
  <datafield tag="035" ind1=" " ind2=" ">
    <subfield code="a">(NNC)3082689</subfield>
  </datafield>
  <datafield tag="040" ind1=" " ind2=" ">
    <subfield code="a">ZCU</subfield>
    <subfield code="c">ZCU</subfield>
  </datafield>
  <datafield tag="099" ind1=" " ind2=" ">
    <subfield code="a">893.795</subfield>
    <subfield code="a">K15</subfield>
  </datafield>
  <datafield tag="100" ind1="1" ind2=" ">
    <subfield code="a">Kashmīrī, Muḥammad Anwarshāh ibn Muʻaẓẓamshāh,</subfield>
    <subfield code="d">1875-1933.</subfield>
  </datafield>
  <datafield tag="245" ind1="1" ind2="0">
    <subfield code="a">Fayḍ al-Bāriʾ ʻalā Ṣaḥīḥ al-Bukhārī.</subfield>
    <subfield code="c">Min amālī al-shaykh Muḥammad Anwar al-Kashmīrī, maʻa ḥāshiyat al-Badr al-Sārī ilā Fayḍ al-Bāriʾ min Muḥammad Badr-ʻĀlam al-Mirtahī.</subfield>
  </datafield>
  <datafield tag="260" ind1=" " ind2=" ">
    <subfield code="a">al-Qāhirah,</subfield>
    <subfield code="c">1938.</subfield>
  </datafield>
  <datafield tag="300" ind1=" " ind2=" ">
    <subfield code="a">4 v.</subfield>
  </datafield>
  <datafield tag="650" ind1=" " ind2="0">
    <subfield code="a">Hadith.</subfield>
  </datafield>
  <datafield tag="700" ind1="1" ind2=" ">
    <subfield code="a">Bukhārī, Muḥammad ibn Ismāʻīl,</subfield>
    <subfield code="d">810-870.</subfield>
    <subfield code="t">Jāmiʻ al-ṣaḥīḥ.</subfield>
  </datafield>
  <datafield tag="700" ind1="1" ind2=" ">
    <subfield code="a">Mīrtahī, Muḥammad Badr,</subfield>
    <subfield code="d">-1965 or 1966.</subfield>
  </datafield>
  <datafield tag="955" ind1=" " ind2=" ">
    <subfield code="b">0026817071</subfield>
    <subfield code="d">glx</subfield>
    <subfield code="e">893.795 K15</subfield>
    <subfield code="v">v.2</subfield>
  </datafield>
</record>
</collection>